
@Misc{RTP_RFC,
  title = 	 {RTP: A Transport Protocol for Real-Time Applications},
  author=	 {H. Schulzrinne and S. Casner and R. Frederick and V. Jacobson},
  howpublished = {http://www.faqs.org/rfcs/rfc1889.html},
  year =	 {1996}
}

@Misc{SDP_RFC,
  title =        {SDP: Session Description Protocol},
  author=	 {M. Handley and V. Jacobson},
  howpublished = {http://www.faqs.org/rfcs/rfc2327.html},
  year =         {1998}
}

@Book{Jon,
  author =       "Jonathan Davidson y James Peters",
  title =        "Fundamentos de voz sobre IP",
  publisher =    "Cisco Press",
  year =         "2001",
  keywords =     "VoIP, RTP",
  ISBN =         "84-205-3190-1",
}

@Article{Tennenhouse,
  author = 	"D. D. Clark and D. L. Tennenhouse",
  title  =	"Architectural considerations for a new generation of protocols.",
  publisher =	"Computer Communications Review",
  year	=	"1990"
}

@Book{Stevens90a,
  title =        "{U}{N}{I}{X} Network Programming",
  series =       "Software Series",
  publisher =    "Prentice Hall PTR",
  year =         "1990",
  author =       "Richard W Stevens",
  comment =      "THE book for any UNIX programming. This will tell you
                 all about the structure of of the UNIX kernel, from a
                 programmers viewpoint. It is also essential for any
                 kind of NETWORK PROGRAMMING",
  keywords =     "unix, sockets, system calls, c,",
  star =         "5",
  date =         "10/10/96",
}

@Book{IVD,
  author =       "José Manuel Huidobro Moya y David Roldán Martínez",
  title =        "Integración de voz y datos",
  edition =      "1",
  publisher =    "McGraw-Hill",
  year =         "2003",
  ISBN =         "84-481-3850-3",
  descriptor =   "Protocolos TCP/IP, Estándares de VoIP, etc.",
}


@Book{KW,
  author =       "Kurt Wall",
  title =        "Programación en Linux con ejemplos",
  edition =      "1",
  publisher =    "McGraw-Hill",
  year =         "2000",
  ISBN =         "987-9460-09-X",
}

@Book{REVO,
  author =       "Jesús Bernal Bermúdez, Jesús Bobadilla Sancho y Pedro Gómez Vilda",
  title =        "Reconocimiento de voz y fonética acústica",
  publisher =    "Ra-Ma",
  year =         "2000",
  annote =       "incomplete",
}

@Book{Nichols:1996:PP,
  author =       "Bradford Nichols and Bick Buttlar and Jackie Proulx
                 Farrell",
  title =        "{Pthreads} Programming",
  publisher =    "O'Reilly \& Associates, Inc.",
  address =      "981 Chestnut Street, Newton, MA 02164, USA",
  pages =        "xvi + 267",
  year =         "1996",
  ISBN =         "1-56592-115-1",
  LCCN =         "QA76.642.N53 1996",
  bibdate =      "Mon May 11 11:04:53 1998",
  url =          "http://www.oreilly.com/catalog/pthread;

http://www.amazon.com/exec/obidos/ASIN/1565921151/ref=sim_books/002-4892305-5599452",
  acknowledgement = ack-nhfb,
}

@Article{Liu98,
  author =       "C. Liu",
  title =        "Multimedia Over {IP}: {RSVP}, {RTP}, {RTCP}, {RTSP}",
  journal =      "Technical Report, Ohio State University",
  month =        jan,
  year =         "1998",
  bibdate =      "Tuesday, July 03, 2001 at 08:21:04 (CEST)",
  url =          "http://www.cis.ohio-state.edu/~cliu/ipmultimedia/",
  annote =       "RSVP, RTP, RTCP, and RTSP are the foundation of
                 real-time services in the Internet. This paper is a
                 detailed survey of these four related protocols. I
                 found this paper very useful; Especially the
                 compilation of references at the end of the paper.",
  submitter =    "Karl-Johan Grinnemo",
}

@Misc{RAT,
  author =       {UCL Multimedia},
  title =        {RAT},
  howpublished = {http://www-mice.cs.ucl.ac.uk/multimedia/software/rat/},
  year =         {2000}
}

@Misc{IETF,
  author =       {Internet Engineering Task Force},
  title =        {IETF},
  howpublished = {http://www.ietf.org},
  year =         {2000}
}

@Misc{ITU,
  author =       {International Telecommunication Union}, 
  title =        {ITU},
  howpublished = {http://www.itu.int/home/},
  year =         {2000}
}

@Misc{GOO,
  author =       {Google}, 
  title =        {Google},
  howpublished = {http://www.google.com},
  year =         {2000}
}

@Misc{OSS,
  author =       {Open Sound System}, 
  title =        {OSS},
  howpublished = {http://www.opensound.com},
  year =         {2000}
}

